@misc{PDPA,
  author       = {Wanphichit Chintrakulchai},
  howpublished = {url{https://t-reg.co/blog/t-reg-knowledge/what-is-pdpa/}},
  title        = {PDPA คืออะไร ?[Online]},
  year         = {2021},
  note = {สืบค้นวันที่ 17 มีนาคม 2023}
},

@misc{Vision,
  author       = {SAS Insights},
  howpublished = {\url{https://www.sas.com/th_th/insights/analytics/computer-vision.html}},
  title        = {ความหมายและความสำคัญของ computer vision - SAS[Online]},
  year         = {2022},
  note = {สืบค้นวันที่ 17 มีนาคม 2023}
},
@misc{Machine,
  author       = {Vithan Minaphinant},
  howpublished = {\url{https://medium.com/investic/machine-learning-คืออะไร-fa8bf6663c07}},
  title        = {Machine Learning คืออะไร?[Online]},
  year         = {2018},
  note = {สืบค้นวันที่ 17 มีนาคม 2023}
},

@misc{NoSQL,
  author       = {Phuri Chalermkiatsakul},
  howpublished = {\url{https://phuri.medium.com/nosql-คืออะไร-ต่างจาก-rdbms-หรือ-sql-database-อย่างไร-dd8ac91a4197}},
  title        = {NoSQL คืออะไร? ต่างจาก RDBMS หรือ SQL Database อย่างไร?[Online]},
  year         = {2019},
  note = {สืบค้นวันที่ 16 มีนาคม 2023}
},

@misc{Auth,
  author       = {Witsawa Chanton},
  howpublished = {\url{https://monsterconnect.co.th/authentication-vs-authorization/}},
  title        = {Authentication และ Authorization คืออะไร? ต่างกันอย่างไร?[Online]},
  year         = {2022},
  note = {สืบค้นวันที่ 16 มีนาคม 2023}
},

@misc{JavaScript,
  author       = {aws},
  howpublished = {\url{https://aws.amazon.com/th/what-is/javascript/}},
  title        = {JavaScript คืออะไร[Online]},
  year         = {2022},
  note = {สืบค้นวันที่ 16 มีนาคม 2023}
},
@misc{Micro,
  author       = {Ben Lutkevich},
  howpublished = {\url{https://www.techtarget.com/iotagenda/definition/microcontroller}},
  title        = {What is a Microcontroller and How Does it Work? - TechTarget[Online]},
  year         = {2019},
  note = {สืบค้นวันที่ 17 มีนาคม 2023}
},

@misc{OpenDNN,
  author       = {Edgar Florez Ostos},
  howpublished = {\url{https://ebenezertechs.com/mobilenet-ssd-using-opencv-3-4-1-deep-learning-module-python/}},
  title        = {MobileNet SSD  object detection using OpenCV 3.4.1 DNN module[Online]},
  year         = {2018},
  note = {สืบค้นวันที่ 9 มีนาคม 2023}
},

@misc{OpenYOLO,
  author       = {cvlib},
  howpublished = {\url{https://docs.cvlib.net/object_detection/}},
  title        = {detect common objects[Online]},
  year         = {2018},
  note = {สืบค้นวันที่ 2 มีนาคม 2023}
},

@misc{OpenHOG,
  author       = {angel jude suarez},
  howpublished = {\url{https://itsourcecode.com/free-projects/python-projects/real-time-counting-people-opencv-python-with-source-code/}},
  title        = {Real-Time Counting People OpenCV Python With Source Code[Online]},
  year         = {2021},
  note = {สืบค้นวันที่ 2 มีนาคม 2023}
},

@misc{์Nextjs,
  author       = {Vercel},
  howpublished = {\url{https://nextjs.org/}},
  title        = {Next.js by Vercel - The React Framework[Online]},
  year         = {2023},
  note = {สืบค้นวันที่ 26 ตุลาคม 2023}
},

@misc{์Nextjs2,
  author       = {ธนาพัฒน์ ลิมป์เติมทรัพย์},
  howpublished = {\url{https://www.frevation.com/blog/web-development/next-js/}},
  title        = {Next js[Online]},
  year         = {2021},
  note = {สืบค้นวันที่ 26 ตุลาคม 2023}
},

@misc{์Nextjs3,
  author       = {Pallop Chaoputhipuchong},
  howpublished = {\url{https://medium.com/hamcompe/next-js-คืออะไร-8fbb36e68b0}},
  title        = {Next.js คืออะไร?[Online]},
  year         = {2017},
  note = {สืบค้นวันที่ 26 ตุลาคม 2023}
},

@misc{AWS,
  author       = {Amazon Web Services},
  howpublished = {\url{https://docs.aws.amazon.com/whitepapers/latest/aws-overview/}},
  title        = {Overview of Amazon Web Services[Online]},
  year         = {2023},
  note = {สืบค้นวันที่ 30 ตุลาคม 2023}
},

@misc{Vercel,
  author       = {Vercel},
  howpublished = {\url{https://vercel.com/}},
  title        = {Overview of Amazon Web Services[Online]},
  year         = {2023},
  note = {สืบค้นวันที่ 30 ตุลาคม 2023}
},

@misc{Next,
  author       = {Vercel},
  howpublished = {\url{https://nextjs.org/}},
  title        = {Vercel Overview[Online]},
  year         = {2023},
  note = {สืบค้นวันที่ 30 ตุลาคม 2023}
}
